@Book{realtimerendering,
	author = {Tomas Akenine-M\"{o}ller and Eric Haines and Natty Hoffman},
	title = {Real-Time Rendering 3rd Edition},
	year = {2008},	
	pages = {1045},
	isbn = {987-1-56881-424-7},
	publisher = {A. K. Peters, Ltd.},
	address = {Natick, MA, USA},
}

@Article{generalizedwallboundary,
	author = {S. Adami, X.Y. Hu, N.A. Adams},
	title = {A generalized wall boundary condition for smoothed particle hydrodynamics},
	year = {2012},
	journal = {Journal of Computational Physics},
	number = {231}
}
